@Book{crawley2012r,
author = {Crawley, Michael J},
ALTeditor = {•},
title = {The R book},
publisher = {John Wiley \& Sons},
year = {2012},
OPTkey = {•},
OPTvolume = {•},
OPTnumber = {•},
OPTseries = {•},
OPTaddress = {•},
OPTedition = {Second Edition},
OPTmonth = {•},
OPTnote = {•},
OPTannote = {•}
}


@Book{field2012discovering,
author = {Field, Andy and Miles, Jeremy and Field, Zo{\"e}},
ALTeditor = {•},
title = {Discovering statistics using R},
publisher = {Sage publications},
year = {2012},
OPTkey = {•},
OPTvolume = {•},
OPTnumber = {•},
OPTseries = {•},
OPTaddress = {•},
OPTedition = {•},
OPTmonth = {•},
OPTnote = {•},
OPTannote = {•}
}


@Book{lutz2013learning,
author = {Lutz, Mark},
ALTeditor = {•},
title = {Learning python: Powerful object-oriented programming},
publisher = {O'Reilly Media, Inc.},
year = {2013},
OPTkey = {•},
OPTvolume = {•},
OPTnumber = {•},
OPTseries = {•},
OPTaddress = {•},
OPTedition = {•},
OPTmonth = {•},
OPTnote = {•},
OPTannote = {•}
}

@Book{vanderplas2016python,
author = {VanderPlas, Jake},
ALTeditor = {•},
title = {Python data science handbook: essential tools for working with data},
publisher = {O'Reilly Media, Inc.},
year = {2016},
OPTkey = {•},
OPTvolume = {•},
OPTnumber = {•},
OPTseries = {•},
OPTaddress = {•},
OPTedition = {•},
OPTmonth = {•},
OPTnote = {•},
OPTannote = {•}
}

